<record><leader>00000cas a22000007a 4500</leader><controlfield tag="001">16994003</controlfield><controlfield tag="008">871117d19091932ohuwr ne      0    0eng d</controlfield><datafield ind1=" " ind2=" " tag="010"><subfield code="a">sn 87076855 </subfield></datafield><datafield ind1=" " ind2=" " tag="040"><subfield code="a">ONP</subfield><subfield code="b">eng</subfield><subfield code="c">ONP</subfield><subfield code="d">OCLCQ</subfield></datafield><datafield ind1=" " ind2=" " tag="042"><subfield code="a">msc</subfield></datafield><datafield ind1="0" ind2=" " tag="130"><subfield code="a">Nevada news (Nevada, Ohio)</subfield></datafield><datafield ind1="1" ind2="4" tag="245"><subfield code="a">The Nevada news.</subfield></datafield><datafield ind1=" " ind2=" " tag="260"><subfield code="a">Nevada, Ohio :</subfield><subfield code="b">Wilcox &amp; Holmes,</subfield><subfield code="c">1909-1932.</subfield></datafield><datafield ind1=" " ind2=" " tag="310"><subfield code="a">Weekly</subfield></datafield><datafield ind1="0" ind2=" " tag="362"><subfield code="a">Vol. 38, no. 39 (Sept. 30, 1909)-v. 61, no. 52 (Dec. 29, 1932).</subfield></datafield><datafield ind1=" " ind2=" " tag="752"><subfield code="a">United States</subfield><subfield code="b">Ohio</subfield><subfield code="c">Wyandot</subfield><subfield code="d">Nevada.</subfield></datafield><datafield ind1="0" ind2="0" tag="780"><subfield code="t">Nevada enterprise (Nevada, Ohio : 1872)</subfield><subfield code="w">(DLC)sn 85038239</subfield></datafield></record>